%% This BibTeX bibliography file was created using BibDesk.
%% http://bibdesk.sourceforge.net/

%% Created for msong at 2016-10-25 18:15:23 +0900 


%% Saved with string encoding Unicode (UTF-8) 

@article{Bhalerao:2013ina,
      author         = "Bhalerao, Rajeev S. and Ollitrault, Jean-Yves and Pal,
                        Subrata",
      title          = "{Event-plane correlators}",
      journal        = "Phys. Rev.",
      volume         = "C88",
      year           = "2013",
      pages          = "024909",
      doi            = "10.1103/PhysRevC.88.024909",
      eprint         = "1307.0980",
      archivePrefix  = "arXiv",
      primaryClass   = "nucl-th",
      reportNumber   = "SACLAY-T13-177",
      SLACcitation   = "%%CITATION = ARXIV:1307.0980;%%"
}

@article{Teaney:2013dta,
      author         = "Teaney, D. and Yan, L.",
      title          = "{Event-plane correlations and hydrodynamic simulations of
                        heavy ion collisions}",
      journal        = "Phys. Rev.",
      volume         = "C90",
      year           = "2014",
      number         = "2",
      pages          = "024902",
      doi            = "10.1103/PhysRevC.90.024902",
      eprint         = "1312.3689",
      archivePrefix  = "arXiv",
      primaryClass   = "nucl-th",
      SLACcitation   = "%%CITATION = ARXIV:1312.3689;%%"
}

@article{Bhalerao:2014xra,
      author         = "Bhalerao, Rajeev S. and Ollitrault, Jean-Yves and Pal,
                        Subrata",
      title          = "{Characterizing flow fluctuations with moments}",
      journal        = "Phys. Lett.",
      volume         = "B742",
      year           = "2015",
      pages          = "94-98",
      doi            = "10.1016/j.physletb.2015.01.019",
      eprint         = "1411.5160",
      archivePrefix  = "arXiv",
      primaryClass   = "nucl-th",
      reportNumber   = "SACLAY-T14-233",
      SLACcitation   = "%%CITATION = ARXIV:1411.5160;%%"
}

@article{Aad:2013xma,
      author         = "Aad, Georges and others",
      title          = "{Measurement of the distributions of event-by-event flow
                        harmonics in lead-lead collisions at = 2.76 TeV with the
                        ATLAS detector at the LHC}",
      collaboration  = "ATLAS",
      journal        = "JHEP",
      volume         = "11",
      year           = "2013",
      pages          = "183",
      doi            = "10.1007/JHEP11(2013)183",
      eprint         = "1305.2942",
      archivePrefix  = "arXiv",
      primaryClass   = "hep-ex",
      reportNumber   = "CERN-PH-EP-2013-04",
      SLACcitation   = "%%CITATION = ARXIV:1305.2942;%%"
}

@article{Shen:2014vra,
      author         = "Shen, Chun and Qiu, Zhi and Song, Huichao and Bernhard,
                        Jonah and Bass, Steffen and Heinz, Ulrich",
      title          = "{The iEBE-VISHNU code package for relativistic heavy-ion
                        collisions}",
      journal        = "Comput. Phys. Commun.",
      volume         = "199",
      year           = "2016",
      pages          = "61-85",
      doi            = "10.1016/j.cpc.2015.08.039",
      eprint         = "1409.8164",
      archivePrefix  = "arXiv",
      primaryClass   = "nucl-th",
      SLACcitation   = "%%CITATION = ARXIV:1409.8164;%%"
}
@article{Floerchinger:2013tya,
      author         = "Floerchinger, Stefan and Wiedemann, Urs Achim and
                        Beraudo, Andrea and Del Zanna, Luca and Inghirami,
                        Gabriele and Rolando, Valentina",
      title          = "{How (non-)linear is the hydrodynamics of heavy ion
                        collisions?}",
      journal        = "Phys. Lett.",
      volume         = "B735",
      year           = "2014",
      pages          = "305-310",
      doi            = "10.1016/j.physletb.2014.06.049",
      eprint         = "1312.5482",
      archivePrefix  = "arXiv",
      primaryClass   = "hep-ph",
      reportNumber   = "CERN-PH-TH-2013-306",
      SLACcitation   = "%%CITATION = ARXIV:1312.5482;%%"
}
@article{Borghini:2005kd,
      author         = "Borghini, Nicolas and Ollitrault, Jean-Yves",
      title          = "{Momentum spectra, anisotropic flow, and ideal fluids}",
      journal        = "Phys. Lett.",
      volume         = "B642",
      year           = "2006",
      pages          = "227-231",
      doi            = "10.1016/j.physletb.2006.09.062",
      eprint         = "nucl-th/0506045",
      archivePrefix  = "arXiv",
      primaryClass   = "nucl-th",
      reportNumber   = "CERN-PH-TH-2005-102, SPHT-T05-107",
      SLACcitation   = "%%CITATION = NUCL-TH/0506045;%%"
}

@article{Bravina:2013xla,
      author         = "Bravina, L. V. and Brusheim Johansson, B. H. and
                        Eyyubova, G. Kh. and Korotkikh, V. L. and Lokhtin, I. P.
                        and Malinina, L. V. and Petrushanko, S. V. and Snigirev,
                        A. M. and Zabrodin, E. E.",
      title          = "{Higher harmonics of azimuthal anisotropy in relativistic
                        heavy ion collisions in HYDJET++ model}",
      journal        = "Eur. Phys. J.",
      volume         = "C74",
      year           = "2014",
      number         = "3",
      pages          = "2807",
      doi            = "10.1140/epjc/s10052-014-2807-5",
      eprint         = "1311.7054",
      archivePrefix  = "arXiv",
      primaryClass   = "nucl-th",
      SLACcitation   = "%%CITATION = ARXIV:1311.7054;%%"
}

@article{Bravina:2013ora,
      author         = "Bravina, L. V. and Brusheim Johansson, B. H. and
                        Eyyubova, G. Kh. and Korotkikh, V. L. and Lokhtin, I. P.
                        and Malinina, L. V. and Petrushanko, S. V. and Snigirev,
                        A. M. and Zabrodin, E. E.",
      title          = "{Hexagonal flow v6 as a superposition of elliptic v2 and
                        triangular v3 flows}",
      journal        = "Phys. Rev.",
      volume         = "C89",
      year           = "2014",
      number         = "2",
      pages          = "024909",
      doi            = "10.1103/PhysRevC.89.024909",
      eprint         = "1311.0747",
      archivePrefix  = "arXiv",
      primaryClass   = "hep-ph",
      SLACcitation   = "%%CITATION = ARXIV:1311.0747;%%"
}

@article{Hatta:2014jva,
      author         = "Hatta, Yoshitaka and Noronha, Jorge and Torrieri, Giorgio
                        and Xiao, Bo-Wen",
      title          = "{Flow harmonics within an analytically solvable viscous
                        hydrodynamic model}",
      journal        = "Phys. Rev.",
      volume         = "D90",
      year           = "2014",
      number         = "7",
      pages          = "074026",
      doi            = "10.1103/PhysRevD.90.074026",
      eprint         = "1407.5952",
      archivePrefix  = "arXiv",
      primaryClass   = "hep-ph",
      reportNumber   = "YITP-14-59",
      SLACcitation   = "%%CITATION = ARXIV:1407.5952;%%"
}
@article{Gubser:2010ui,
      author         = "Gubser, Steven S. and Yarom, Amos",
      title          = "{Conformal hydrodynamics in Minkowski and de Sitter
                        spacetimes}",
      journal        = "Nucl. Phys.",
      volume         = "B846",
      year           = "2011",
      pages          = "469-511",
      doi            = "10.1016/j.nuclphysb.2011.01.012",
      eprint         = "1012.1314",
      archivePrefix  = "arXiv",
      primaryClass   = "hep-th",
      reportNumber   = "PUPT-2358",
      SLACcitation   = "%%CITATION = ARXIV:1012.1314;%%"
}

@article{Teaney:2010vd,
      author         = "Teaney, Derek and Yan, Li",
      title          = "{Triangularity and Dipole Asymmetry in Heavy Ion
                        Collisions}",
      journal        = "Phys. Rev.",
      volume         = "C83",
      year           = "2011",
      pages          = "064904",
      doi            = "10.1103/PhysRevC.83.064904",
      eprint         = "1010.1876",
      archivePrefix  = "arXiv",
      primaryClass   = "nucl-th",
      SLACcitation   = "%%CITATION = ARXIV:1010.1876;%%"
}
@article{Qiu:2011iv,
      author         = "Qiu, Zhi and Heinz, Ulrich W.",
      title          = "{Event-by-event shape and flow fluctuations of
                        relativistic heavy-ion collision fireballs}",
      journal        = "Phys. Rev.",
      volume         = "C84",
      year           = "2011",
      pages          = "024911",
      doi            = "10.1103/PhysRevC.84.024911",
      eprint         = "1104.0650",
      archivePrefix  = "arXiv",
      primaryClass   = "nucl-th",
      SLACcitation   = "%%CITATION = ARXIV:1104.0650;%%"
}

@article{Dellacasa:1999kf,
	Author = {Dellacasa, G. and others},
	Collaboration = {ALICE},
	Date-Added = {2016-10-25 07:25:53 +0000},
	Date-Modified = {2016-10-25 07:25:53 +0000},
	Reportnumber = {CERN-LHCC-99-12},
	Slaccitation = {%%CITATION = CERN-LHCC-99-12;%%},
	Title = {{ALICE technical design report of the inner tracking system (ITS)}},
	Year = {1999}}

@article{Abbas:2013taa,
	Archiveprefix = {arXiv},
	Author = {Abbas, E. and others},
	Collaboration = {ALICE},
	Date-Added = {2016-10-25 07:23:56 +0000},
	Date-Modified = {2016-10-25 07:23:56 +0000},
	Doi = {10.1088/1748-0221/8/10/P10016},
	Eprint = {1306.3130},
	Journal = {JINST},
	Pages = {P10016},
	Primaryclass = {nucl-ex},
	Reportnumber = {CERN-PH-EP-2013-082},
	Slaccitation = {%%CITATION = ARXIV:1306.3130;%%},
	Title = {{Performance of the ALICE VZERO system}},
	Volume = {8},
	Year = {2013},
	Bdsk-Url-1 = {http://dx.doi.org/10.1088/1748-0221/8/10/P10016}}

@article{Ackermann:2000tr,
	Archiveprefix = {arXiv},
	Author = {Ackermann, K. H. and others},
	Collaboration = {STAR},
	Doi = {10.1103/PhysRevLett.86.402},
	Eprint = {nucl-ex/0009011},
	Journal = {Phys. Rev. Lett.},
	Pages = {402-407},
	Primaryclass = {nucl-ex},
	Slaccitation = {%%CITATION = NUCL-EX/0009011;%%},
	Title = {{Elliptic flow in Au + Au collisions at (S(NN))**(1/2) = 130 GeV}},
	Volume = {86},
	Year = {2001},
	Bdsk-Url-1 = {http://dx.doi.org/10.1103/PhysRevLett.86.402}}

@article{Aamodt:2010pa,
	Archiveprefix = {arXiv},
	Author = {Aamodt, K and others},
	Collaboration = {ALICE},
	Doi = {10.1103/PhysRevLett.105.252302},
	Eprint = {1011.3914},
	Journal = {Phys. Rev. Lett.},
	Pages = {252302},
	Primaryclass = {nucl-ex},
	Slaccitation = {%%CITATION = ARXIV:1011.3914;%%},
	Title = {{Elliptic flow of charged particles in Pb-Pb collisions at 2.76 TeV}},
	Volume = {105},
	Year = {2010},
	Bdsk-Url-1 = {http://dx.doi.org/10.1103/PhysRevLett.105.252302}}

@article{Adam:2016izf,
	Archiveprefix = {arXiv},
	Author = {Adam, Jaroslav and others},
	Collaboration = {ALICE},
	Doi = {10.1103/PhysRevLett.116.132302},
	Eprint = {1602.01119},
	Journal = {Phys. Rev. Lett.},
	Number = {13},
	Pages = {132302},
	Primaryclass = {nucl-ex},
	Reportnumber = {CERN-EP-2016-018},
	Slaccitation = {%%CITATION = ARXIV:1602.01119;%%},
	Title = {{Anisotropic flow of charged particles in Pb-Pb collisions at $\sqrt{s_{\rm NN}}=5.02$ TeV}},
	Volume = {116},
	Year = {2016},
	Bdsk-Url-1 = {http://dx.doi.org/10.1103/PhysRevLett.116.132302}}

@article{Romatschke:2007mq,
	Archiveprefix = {arXiv},
	Author = {Romatschke, Paul and Romatschke, Ulrike},
	Doi = {10.1103/PhysRevLett.99.172301},
	Eprint = {0706.1522},
	Journal = {Phys. Rev. Lett.},
	Pages = {172301},
	Primaryclass = {nucl-th},
	Reportnumber = {INT-PUB-07-14},
	Slaccitation = {%%CITATION = ARXIV:0706.1522;%%},
	Title = {{Viscosity Information from Relativistic Nuclear Collisions: How Perfect is the Fluid Observed at RHIC?}},
	Volume = {99},
	Year = {2007},
	Bdsk-Url-1 = {http://dx.doi.org/10.1103/PhysRevLett.99.172301}}

@article{Shen:2010uy,
	Archiveprefix = {arXiv},
	Author = {Shen, Chun and Heinz, Ulrich and Huovinen, Pasi and Song, Huichao},
	Doi = {10.1103/PhysRevC.82.054904},
	Eprint = {1010.1856},
	Journal = {Phys. Rev.},
	Pages = {054904},
	Primaryclass = {nucl-th},
	Slaccitation = {%%CITATION = ARXIV:1010.1856;%%},
	Title = {{Systematic parameter study of hadron spectra and elliptic flow from viscous hydrodynamic simulations of Au+Au collisions at $\sqrt{s_{NN}}=200$ GeV}},
	Volume = {C82},
	Year = {2010},
	Bdsk-Url-1 = {http://dx.doi.org/10.1103/PhysRevC.82.054904}}

@article{Shen:2011eg,
	Archiveprefix = {arXiv},
	Author = {Shen, Chun and Heinz, Ulrich and Huovinen, Pasi and Song, Huichao},
	Doi = {10.1103/PhysRevC.84.044903},
	Eprint = {1105.3226},
	Journal = {Phys. Rev.},
	Pages = {044903},
	Primaryclass = {nucl-th},
	Slaccitation = {%%CITATION = ARXIV:1105.3226;%%},
	Title = {{Radial and elliptic flow in Pb+Pb collisions at the Large Hadron Collider from viscous hydrodynamic}},
	Volume = {C84},
	Year = {2011},
	Bdsk-Url-1 = {http://dx.doi.org/10.1103/PhysRevC.84.044903}}

@article{Qiu:2011hf,
	Archiveprefix = {arXiv},
	Author = {Qiu, Zhi and Shen, Chun and Heinz, Ulrich},
	Doi = {10.1016/j.physletb.2011.12.041},
	Eprint = {1110.3033},
	Journal = {Phys. Lett.},
	Pages = {151-155},
	Primaryclass = {nucl-th},
	Slaccitation = {%%CITATION = ARXIV:1110.3033;%%},
	Title = {{Hydrodynamic elliptic and triangular flow in Pb-Pb collisions at $\sqrt{s}=2.76$ATeV}},
	Volume = {B707},
	Year = {2012},
	Bdsk-Url-1 = {http://dx.doi.org/10.1016/j.physletb.2011.12.041}}

@article{Bhalerao:2015iya,
	Archiveprefix = {arXiv},
	Author = {Bhalerao, Rajeev S. and Jaiswal, Amaresh and Pal, Subrata},
	Doi = {10.1103/PhysRevC.92.014903},
	Eprint = {1503.03862},
	Journal = {Phys. Rev.},
	Number = {1},
	Pages = {014903},
	Primaryclass = {nucl-th},
	Reportnumber = {TIFR-TH-15-07},
	Slaccitation = {%%CITATION = ARXIV:1503.03862;%%},
	Title = {{Collective flow in event-by-event partonic transport plus hydrodynamics hybrid approach}},
	Volume = {C92},
	Year = {2015},
	Bdsk-Url-1 = {http://dx.doi.org/10.1103/PhysRevC.92.014903}}

@article{Schenke:2011zz,
	Author = {Schenke, Bjorn and Jeon, Sangyong and Gale, Charles},
	Booktitle = {{Quark matter. Proceedings, 22nd International Conference on Ultra-Relativistic Nucleus-Nucleus Collisions, Quark Matter 2011, Annecy, France, May 23-28, 2011}},
	Doi = {10.1088/0954-3899/38/12/124169},
	Journal = {J. Phys.},
	Pages = {124169},
	Slaccitation = {%%CITATION = JPAGA,G38,124169;%%},
	Title = {{Elliptic and triangular flows in 3 + 1D viscous hydrodynamics with fluctuating initial conditions}},
	Volume = {G38},
	Year = {2011},
	Bdsk-Url-1 = {http://dx.doi.org/10.1088/0954-3899/38/12/124169}}

@article{Bozek:2012qs,
	Archiveprefix = {arXiv},
	Author = {Bozek, Piotr and Wyskiel-Piekarska, Iwona},
	Doi = {10.1103/PhysRevC.85.064915},
	Eprint = {1203.6513},
	Journal = {Phys. Rev.},
	Pages = {064915},
	Primaryclass = {nucl-th},
	Slaccitation = {%%CITATION = ARXIV:1203.6513;%%},
	Title = {{Particle spectra in Pb-Pb collisions at $\sqrt{S_NN} = 2.76 TeV$}},
	Volume = {C85},
	Year = {2012},
	Bdsk-Url-1 = {http://dx.doi.org/10.1103/PhysRevC.85.064915}}

@article{Gale:2012rq,
	Archiveprefix = {arXiv},
	Doi = {10.1103/PhysRevLett.110.012302},
	Eprint = {1209.6330},
	Journal = {Phys. Rev. Lett.},
	Number = {1},
	Pages = {012302},
	Primaryclass = {nucl-th},
	Slaccitation = {%%CITATION = ARXIV:1209.6330;%%},
	Title = {{Event-by-event anisotropic flow in heavy-ion collisions from combined Yang-Mills and viscous fluid dynamics}},
	Volume = {110},
	Year = {2013},
	Bdsk-Url-1 = {http://dx.doi.org/10.1103/PhysRevLett.110.012302}}

@article{Hirano:2010je,
	Archiveprefix = {arXiv},
	Author = {Hirano, Tetsufumi and Huovinen, Pasi and Nara, Yasushi},
	Doi = {10.1103/PhysRevC.84.011901},
	Eprint = {1012.3955},
	Journal = {Phys. Rev.},
	Pages = {011901},
	Primaryclass = {nucl-th},
	Slaccitation = {%%CITATION = ARXIV:1012.3955;%%},
	Title = {{Elliptic flow in Pb+Pb collisions at $\sqrt{s_{NN}} = 2.76$~TeV: hybrid model assessment of the first data}},
	Volume = {C84},
	Year = {2011},
	Bdsk-Url-1 = {http://dx.doi.org/10.1103/PhysRevC.84.011901}}

@article{Ollitrault:1992bk,
      author         = "Ollitrault, Jean-Yves",
      title          = "{Anisotropy as a signature of transverse collective
                        flow}",
      journal        = "Phys. Rev.",
      volume         = "D46",
      year           = "1992",
      pages          = "229-245",
      doi            = "10.1103/PhysRevD.46.229",
      reportNumber   = "SACLAY-SPH-T-92-016",
      SLACcitation   = "%%CITATION = PHRVA,D46,229;%%"
}

@article{Bozek:2011ua,
	Archiveprefix = {arXiv},
	Author = {Bozek, Piotr},
	Doi = {10.1103/PhysRevC.85.034901},
	Eprint = {1110.6742},
	Journal = {Phys. Rev.},
	Pages = {034901},
	Primaryclass = {nucl-th},
	Slaccitation = {%%CITATION = ARXIV:1110.6742;%%},
	Title = {{Flow and interferometry in 3+1 dimensional viscous hydrodynamics}},
	Volume = {C85},
	Year = {2012},
	Bdsk-Url-1 = {http://dx.doi.org/10.1103/PhysRevC.85.034901}}

@article{Rose:2014fba,
	Archiveprefix = {arXiv},
	Author = {Rose, Jean-Bernard and Paquet, Jean-Francois and Denicol, Gabriel S. and Luzum, Matthew and Schenke, Bjoern and Jeon, Sangyong and Gale, Charles},
	Booktitle = {{Proceedings, 24th International Conference on Ultra-Relativistic Nucleus-Nucleus Collisions (Quark Matter 2014): Darmstadt, Germany, May 19-24, 2014}},
	Doi = {10.1016/j.nuclphysa.2014.09.044},
	Eprint = {1408.0024},
	Journal = {Nucl. Phys.},
	Pages = {926-930},
	Primaryclass = {nucl-th},
	Slaccitation = {%%CITATION = ARXIV:1408.0024;%%},
	Title = {{Extracting the bulk viscosity of the quark?gluon plasma}},
	Volume = {A931},
	Year = {2014},
	Bdsk-Url-1 = {http://dx.doi.org/10.1016/j.nuclphysa.2014.09.044}}

@article{Ryu:2015vwa,
	Archiveprefix = {arXiv},
	Author = {Ryu, S. and Paquet, J. -F. and Shen, C. and Denicol, G. S. and Schenke, B. and Jeon, S. and Gale, C.},
	Doi = {10.1103/PhysRevLett.115.132301},
	Eprint = {1502.01675},
	Journal = {Phys. Rev. Lett.},
	Number = {13},
	Pages = {132301},
	Primaryclass = {nucl-th},
	Slaccitation = {%%CITATION = ARXIV:1502.01675;%%},
	Title = {{Importance of the Bulk Viscosity of QCD in Ultrarelativistic Heavy-Ion Collisions}},
	Volume = {115},
	Year = {2015},
	Bdsk-Url-1 = {http://dx.doi.org/10.1103/PhysRevLett.115.132301}}

@article{Luzum:2010ad,
	Archiveprefix = {arXiv},
	Author = {Luzum, Matthew and Ollitrault, Jean-Yves},
	Doi = {10.1103/PhysRevC.82.014906},
	Eprint = {1004.2023},
	Journal = {Phys. Rev.},
	Pages = {014906},
	Primaryclass = {nucl-th},
	Slaccitation = {%%CITATION = ARXIV:1004.2023;%%},
	Title = {{Constraining the viscous freeze-out distribution function with data obtained at the BNL Relativistic Heavy Ion Collider (RHIC)}},
	Volume = {C82},
	Year = {2010},
	Bdsk-Url-1 = {http://dx.doi.org/10.1103/PhysRevC.82.014906}}

@article{Kovtun:2004de,
	Archiveprefix = {arXiv},
	Author = {Kovtun, P. and Son, Dan T. and Starinets, Andrei O.},
	Doi = {10.1103/PhysRevLett.94.111601},
	Eprint = {hep-th/0405231},
	Journal = {Phys. Rev. Lett.},
	Pages = {111601},
	Primaryclass = {hep-th},
	Reportnumber = {INT-PUB-04-09, UW-PT-04-04},
	Slaccitation = {%%CITATION = HEP-TH/0405231;%%},
	Title = {{Viscosity in strongly interacting quantum field theories from black hole physics}},
	Volume = {94},
	Year = {2005},
	Bdsk-Url-1 = {http://dx.doi.org/10.1103/PhysRevLett.94.111601}}

@article{Lacey:2006bc,
	Archiveprefix = {arXiv},
	Author = {Lacey, Roy A. and Ajitanand, N. N. and Alexander, J. M. and Chung, P. and Holzmann, W. G. and Issah, M. and Taranenko, A. and Danielewicz, P. and Stoecker, Horst},
	Doi = {10.1103/PhysRevLett.98.092301},
	Eprint = {nucl-ex/0609025},
	Journal = {Phys. Rev. Lett.},
	Pages = {092301},
	Primaryclass = {nucl-ex},
	Slaccitation = {%%CITATION = NUCL-EX/0609025;%%},
	Title = {{Has the QCD Critical Point been Signaled by Observations at RHIC?}},
	Volume = {98},
	Year = {2007},
	Bdsk-Url-1 = {http://dx.doi.org/10.1103/PhysRevLett.98.092301}}

@article{PhysRevD.31.53,
	Author = {Danielewicz, P. and Gyulassy, M.},
	Doi = {10.1103/PhysRevD.31.53},
	Issue = {1},
	Journal = {Phys. Rev. D},
	Month = {Jan},
	Numpages = {0},
	Pages = {53--62},
	Publisher = {American Physical Society},
	Title = {Dissipative phenomena in quark-gluon plasmas},
	Url = {http://link.aps.org/doi/10.1103/PhysRevD.31.53},
	Volume = {31},
	Year = {1985},
	Bdsk-Url-1 = {http://link.aps.org/doi/10.1103/PhysRevD.31.53},
	Bdsk-Url-2 = {http://dx.doi.org/10.1103/PhysRevD.31.53}}

@article{Gale:2012rq,
	Archiveprefix = {arXiv},
	Author = {Gale, Charles and Jeon, Sangyong and Schenke, Bj{\"o}rn and Tribedy, Prithwish and Venugopalan, Raju},
	Doi = {10.1103/PhysRevLett.110.012302},
	Eprint = {1209.6330},
	Journal = {Phys. Rev. Lett.},
	Number = {1},
	Pages = {012302},
	Primaryclass = {nucl-th},
	Slaccitation = {%%CITATION = ARXIV:1209.6330;%%},
	Title = {{Event-by-event anisotropic flow in heavy-ion collisions from combined Yang-Mills and viscous fluid dynamics}},
	Volume = {110},
	Year = {2013},
	Bdsk-Url-1 = {http://dx.doi.org/10.1103/PhysRevLett.110.012302}}

@article{Luzum:2011mm,
	Archiveprefix = {arXiv},
	Author = {Luzum, Matthew},
	Booktitle = {{Quark matter. Proceedings, 22nd International Conference on Ultra-Relativistic Nucleus-Nucleus Collisions, Quark Matter 2011, Annecy, France, May 23-28, 2011}},
	Doi = {10.1088/0954-3899/38/12/124026},
	Eprint = {1107.0592},
	Journal = {J. Phys.},
	Pages = {124026},
	Primaryclass = {nucl-th},
	Slaccitation = {%%CITATION = ARXIV:1107.0592;%%},
	Title = {{Flow fluctuations and long-range correlations: elliptic flow and beyond}},
	Volume = {G38},
	Year = {2011},
	Bdsk-Url-1 = {http://dx.doi.org/10.1088/0954-3899/38/12/124026}}

@article{Miller:2003kd,
	Archiveprefix = {arXiv},
	Author = {Miller, Mike and Snellings, Raimond},
	Eprint = {nucl-ex/0312008},
	Primaryclass = {nucl-ex},
	Slaccitation = {%%CITATION = NUCL-EX/0312008;%%},
	Title = {{Eccentricity fluctuations and its possible effect on elliptic flow measurements}},
	Year = {2003}}

@article{Alver:2006wh,
	Archiveprefix = {arXiv},
	Author = {Alver, B. and others},
	Collaboration = {PHOBOS},
	Doi = {10.1103/PhysRevLett.98.242302},
	Eprint = {nucl-ex/0610037},
	Journal = {Phys. Rev. Lett.},
	Pages = {242302},
	Primaryclass = {nucl-ex},
	Slaccitation = {%%CITATION = NUCL-EX/0610037;%%},
	Title = {{System size, energy, pseudorapidity, and centrality dependence of elliptic flow}},
	Volume = {98},
	Year = {2007},
	Bdsk-Url-1 = {http://dx.doi.org/10.1103/PhysRevLett.98.242302}}

@article{Luzum:2012wu,
	Archiveprefix = {arXiv},
	Author = {Luzum, Matthew and Ollitrault, Jean-Yves},
	Booktitle = {{Proceedings, 23rd International Conference on Ultrarelativistic Nucleus-Nucleus Collisions : Quark Matter 2012 (QM 2012): Washington, DC, USA, August 13-18, 2012}},
	Doi = {10.1016/j.nuclphysa.2013.02.028},
	Eprint = {1210.6010},
	Journal = {Nucl. Phys.},
	Pages = {377c-380c},
	Primaryclass = {nucl-th},
	Slaccitation = {%%CITATION = ARXIV:1210.6010;%%},
	Title = {{Extracting the shear viscosity of the quark-gluon plasma from flow in ultra-central heavy-ion collisions}},
	Volume = {A904-905},
	Year = {2013},
	Bdsk-Url-1 = {http://dx.doi.org/10.1016/j.nuclphysa.2013.02.028}}

@article{Shen:2011zc,
	Archiveprefix = {arXiv},
	Author = {Shen, Chun and Bass, Steffen A. and Hirano, Tetsufumi and Huovinen, Pasi and Qiu, Zhi and Song, Huichao and Heinz, Ulrich},
	Booktitle = {{Quark matter. Proceedings, 22nd International Conference on Ultra-Relativistic Nucleus-Nucleus Collisions, Quark Matter 2011, Annecy, France, May 23-28, 2011}},
	Doi = {10.1088/0954-3899/38/12/124045},
	Eprint = {1106.6350},
	Journal = {J. Phys.},
	Pages = {124045},
	Primaryclass = {nucl-th},
	Slaccitation = {%%CITATION = ARXIV:1106.6350;%%},
	Title = {{The QGP shear viscosity: Elusive goal or just around the corner?}},
	Volume = {G38},
	Year = {2011},
	Bdsk-Url-1 = {http://dx.doi.org/10.1088/0954-3899/38/12/124045}}

@article{Alver:2010gr,
	Archiveprefix = {arXiv},
	Author = {Alver, B. and Roland, G.},
	Doi = {10.1103/PhysRevC.82.039903, 10.1103/PhysRevC.81.054905},
	Eprint = {1003.0194},
	Journal = {Phys. Rev.},
	Note = {[Erratum: Phys. Rev.C82,039903(2010)]},
	Pages = {054905},
	Primaryclass = {nucl-th},
	Slaccitation = {%%CITATION = ARXIV:1003.0194;%%},
	Title = {{Collision geometry fluctuations and triangular flow in heavy-ion collisions}},
	Volume = {C81},
	Year = {2010},
	Bdsk-Url-1 = {http://dx.doi.org/10.1103/PhysRevC.82.039903,%2010.1103/PhysRevC.81.054905}}

@article{ALICE:2011ab,
	Archiveprefix = {arXiv},
	Author = {Aamodt, K. and others},
	Collaboration = {ALICE},
	Doi = {10.1103/PhysRevLett.107.032301},
	Eprint = {1105.3865},
	Journal = {Phys. Rev. Lett.},
	Pages = {032301},
	Primaryclass = {nucl-ex},
	Reportnumber = {CERN-PH-EP-2011-073},
	Slaccitation = {%%CITATION = ARXIV:1105.3865;%%},
	Title = {{Higher harmonic anisotropic flow measurements of charged particles in Pb-Pb collisions at $\sqrt{s_{NN}}$=2.76 TeV}},
	Volume = {107},
	Year = {2011},
	Bdsk-Url-1 = {http://dx.doi.org/10.1103/PhysRevLett.107.032301}}
	
@article{Adare:2011tg,
      author         = "Adare, A. and others",
      title          = "{Measurements of Higher-Order Flow Harmonics in Au+Au
                        Collisions at $\sqrt{s_{NN}} = 200$ GeV}",
      collaboration  = "PHENIX",
      journal        = "Phys. Rev. Lett.",
      volume         = "107",
      year           = "2011",
      pages          = "252301",
      doi            = "10.1103/PhysRevLett.107.252301",
      eprint         = "1105.3928",
      archivePrefix  = "arXiv",
      primaryClass   = "nucl-ex",
      SLACcitation   = "%%CITATION = ARXIV:1105.3928;%%"
}

@article{Alver:2010dn,
      author         = "Alver, Burak Han and Gombeaud, Clement and Luzum, Matthew
                        and Ollitrault, Jean-Yves",
      title          = "{Triangular flow in hydrodynamics and transport theory}",
      journal        = "Phys. Rev.",
      volume         = "C82",
      year           = "2010",
      pages          = "034913",
      doi            = "10.1103/PhysRevC.82.034913",
      eprint         = "1007.5469",
      archivePrefix  = "arXiv",
      primaryClass   = "nucl-th",
      SLACcitation   = "%%CITATION = ARXIV:1007.5469;%%"
}

@article{Aad:2014fla,
	Archiveprefix = {arXiv},
	Author = {Aad, Georges and others},
	Collaboration = {ATLAS},
	Doi = {10.1103/PhysRevC.90.024905},
	Eprint = {1403.0489},
	Journal = {Phys. Rev.},
	Number = {2},
	Pages = {024905},
	Primaryclass = {hep-ex},
	Reportnumber = {CERN-PH-EP-2014-021},
	Slaccitation = {%%CITATION = ARXIV:1403.0489;%%},
	Title = {{Measurement of event-plane correlations in $\sqrt{s_{NN}}=2.76$ TeV lead-lead collisions with the ATLAS detector}},
	Volume = {C90},
	Year = {2014},
	Bdsk-Url-1 = {http://dx.doi.org/10.1103/PhysRevC.90.024905}}

@article{Giacalone:2016afq,
      author         = "Giacalone, Giuliano and Yan, Li and Noronha-Hostler,
                        Jacquelyn and Ollitrault, Jean-Yves",
      title          = "{Symmetric cumulants and event-plane correlations in Pb +
                        Pb collisions}",
      journal        = "Phys. Rev.",
      volume         = "C94",
      year           = "2016",
      number         = "1",
      pages          = "014906",
      doi            = "10.1103/PhysRevC.94.014906",
      eprint         = "1605.08303",
      archivePrefix  = "arXiv",
      primaryClass   = "nucl-th",
      reportNumber   = "SACLAY-T16-042",
      SLACcitation   = "%%CITATION = ARXIV:1605.08303;%%"
}

@article{Aad:2013fja,
      author         = "Aad, Georges and others",
      title          = "{Measurement with the ATLAS detector of multi-particle
                        azimuthal correlations in p+Pb collisions at
                        $\sqrt{s_{NN}}$ =5.02 TeV}",
      collaboration  = "ATLAS",
      journal        = "Phys. Lett.",
      volume         = "B725",
      year           = "2013",
      pages          = "60-78",
      doi            = "10.1016/j.physletb.2013.06.057",
      eprint         = "1303.2084",
      archivePrefix  = "arXiv",
      primaryClass   = "hep-ex",
      reportNumber   = "CERN-PH-EP-2013-029",
      SLACcitation   = "%%CITATION = ARXIV:1303.2084;%%"
}

@article{Abelev:2014mda,
      author         = "Abelev, Betty Bezverkhny and others",
      title          = "{Multiparticle azimuthal correlations in p -Pb and Pb-Pb
                        collisions at the CERN Large Hadron Collider}",
      collaboration  = "ALICE",
      journal        = "Phys. Rev.",
      volume         = "C90",
      year           = "2014",
      number         = "5",
      pages          = "054901",
      doi            = "10.1103/PhysRevC.90.054901",
      eprint         = "1406.2474",
      archivePrefix  = "arXiv",
      primaryClass   = "nucl-ex",
      reportNumber   = "CERN-PH-EP-2014-105",
      SLACcitation   = "%%CITATION = ARXIV:1406.2474;%%"
}

@article{Khachatryan:2015waa,
      author         = "Khachatryan, Vardan and others",
      title          = "{Evidence for Collective Multiparticle Correlations in
                        p-Pb Collisions}",
      collaboration  = "CMS",
      journal        = "Phys. Rev. Lett.",
      volume         = "115",
      year           = "2015",
      number         = "1",
      pages          = "012301",
      doi            = "10.1103/PhysRevLett.115.012301",
      eprint         = "1502.05382",
      archivePrefix  = "arXiv",
      primaryClass   = "nucl-ex",
      reportNumber   = "CMS-HIN-14-006, CERN-PH-EP-2015-011",
      SLACcitation   = "%%CITATION = ARXIV:1502.05382;%%"
}

@article{Adamczyk:2015xjc,
      author         = "Adamczyk, L. and others",
      title          = "{Long-range pseudorapidity dihadron correlations in
                        $d$+Au collisions at $\sqrt{s_{\rm NN}}=200$ GeV}",
      collaboration  = "STAR",
      journal        = "Phys. Lett.",
      volume         = "B747",
      year           = "2015",
      pages          = "265-271",
      doi            = "10.1016/j.physletb.2015.05.075",
      eprint         = "1502.07652",
      archivePrefix  = "arXiv",
      primaryClass   = "nucl-ex",
      SLACcitation   = "%%CITATION = ARXIV:1502.07652;%%"
}

@article{Adare:2015ctn,
      author         = "Adare, A. and others",
      title          = "{Measurements of elliptic and triangular flow in
                        high-multiplicity $^{3}$He$+$Au collisions at
                        $\sqrt{s_{_{NN}}}=200$ GeV}",
      collaboration  = "PHENIX",
      journal        = "Phys. Rev. Lett.",
      volume         = "115",
      year           = "2015",
      number         = "14",
      pages          = "142301",
      doi            = "10.1103/PhysRevLett.115.142301",
      eprint         = "1507.06273",
      archivePrefix  = "arXiv",
      primaryClass   = "nucl-ex",
      SLACcitation   = "%%CITATION = ARXIV:1507.06273;%%"
}

@inproceedings{Loizides:2016tew,
      author         = "Loizides, Constantin",
      title          = "{Experimental overview on small collision systems at the
                        LHC}",
      booktitle      = "{Proceedings, 25th International Conference on
                        Ultra-Relativistic Nucleus-Nucleus Collisions (Quark
                        Matter 2015): Kobe, Japan, September 27-October 3, 2015}",
      year           = "2016",
      url            = "https://inspirehep.net/record/1424892/files/arXiv:1602.09138.pdf",
      doi            = "10.1016/j.nuclphysa.2016.04.022",
      eprint         = "1602.09138",
      archivePrefix  = "arXiv",
      primaryClass   = "nucl-ex",
      SLACcitation   = "%%CITATION = ARXIV:1602.09138;%%"
}


@article{Renk:2014jja,
	Archiveprefix = {arXiv},
	Author = {Renk, Thorsten and Niemi, Harri},
	Doi = {10.1103/PhysRevC.89.064907},
	Eprint = {1401.2069},
	Journal = {Phys. Rev.},
	Number = {6},
	Pages = {064907},
	Primaryclass = {nucl-th},
	Slaccitation = {%%CITATION = ARXIV:1401.2069;%%},
	Title = {{Constraints from $v_2$ fluctuations for the initial-state geometry of heavy-ion collisions}},
	Volume = {C89},
	Year = {2014},
	Bdsk-Url-1 = {http://dx.doi.org/10.1103/PhysRevC.89.064907}}

@article{Yan:2014nsa,
	Archiveprefix = {arXiv},
	Author = {Yan, Li and Ollitrault, Jean-Yves and Poskanzer, Arthur M.},
	Doi = {10.1016/j.physletb.2015.01.039},
	Eprint = {1408.0921},
	Journal = {Phys. Lett.},
	Pages = {290-295},
	Primaryclass = {nucl-th},
	Slaccitation = {%%CITATION = ARXIV:1408.0921;%%},
	Title = {{Azimuthal Anisotropy Distributions in High-Energy Collisions}},
	Volume = {B742},
	Year = {2015},
	Bdsk-Url-1 = {http://dx.doi.org/10.1016/j.physletb.2015.01.039}}

@article{Teaney:2012ke,
	Archiveprefix = {arXiv},
	Author = {Teaney, Derek and Yan, Li},
	Doi = {10.1103/PhysRevC.86.044908},
	Eprint = {1206.1905},
	Journal = {Phys. Rev.},
	Pages = {044908},
	Primaryclass = {nucl-th},
	Slaccitation = {%%CITATION = ARXIV:1206.1905;%%},
	Title = {{Non linearities in the harmonic spectrum of heavy ion collisions with ideal and viscous hydrodynamics}},
	Volume = {C86},
	Year = {2012},
	Bdsk-Url-1 = {http://dx.doi.org/10.1103/PhysRevC.86.044908}}

@article{Bravina:2013ora,
	Archiveprefix = {arXiv},
	Author = {Bravina, L. V. and Brusheim Johansson, B. H. and Eyyubova, G. Kh. and Korotkikh, V. L. and Lokhtin, I. P. and Malinina, L. V. and Petrushanko, S. V. and Snigirev, A. M. and Zabrodin, E. E.},
	Doi = {10.1103/PhysRevC.89.024909},
	Eprint = {1311.0747},
	Journal = {Phys. Rev.},
	Number = {2},
	Pages = {024909},
	Primaryclass = {hep-ph},
	Slaccitation = {%%CITATION = ARXIV:1311.0747;%%},
	Title = {{Hexagonal flow v6 as a superposition of elliptic v2 and triangular v3 flows}},
	Volume = {C89},
	Year = {2014},
	Bdsk-Url-1 = {http://dx.doi.org/10.1103/PhysRevC.89.024909}}

@article{Niemi:2015qia,
	Archiveprefix = {arXiv},
	Author = {Niemi, H. and Eskola, K. J. and Paatelainen, R.},
	Doi = {10.1103/PhysRevC.93.024907},
	Eprint = {1505.02677},
	Journal = {Phys. Rev.},
	Number = {2},
	Pages = {024907},
	Primaryclass = {hep-ph},
	Slaccitation = {%%CITATION = ARXIV:1505.02677;%%},
	Title = {{Event-by-event fluctuations in a perturbative QCD + saturation + hydrodynamics model: Determining QCD matter shear viscosity in ultrarelativistic heavy-ion collisions}},
	Volume = {C93},
	Year = {2016},
	Bdsk-Url-1 = {http://dx.doi.org/10.1103/PhysRevC.93.024907}}

@article{ALICE:2016kpq,
      author         = "Adam, Jaroslav and others",
      title          = "{Correlated event-by-event fluctuations of flow harmonics
                        in Pb-Pb collisions at $\sqrt{s_{_{\rm NN}}}=2.76$ TeV}",
      collaboration  = "ALICE",
      journal        = "Phys. Rev. Lett.",
      volume         = "117",
      year           = "2016",
      pages          = "182301",
      doi            = "10.1103/PhysRevLett.117.182301",
      eprint         = "1604.07663",
      archivePrefix  = "arXiv",
      primaryClass   = "nucl-ex",
      reportNumber   = "CERN-EP-2016-102",
      SLACcitation   = "%%CITATION = ARXIV:1604.07663;%%"
}

@article{Bilandzic:2013kga,
	Archiveprefix = {arXiv},
	Author = {Bilandzic, Ante and Christensen, Christian Holm and Gulbrandsen, Kristjan and Hansen, Alexander and Zhou, You},
	Doi = {10.1103/PhysRevC.89.064904},
	Eprint = {1312.3572},
	Journal = {Phys. Rev.},
	Number = {6},
	Pages = {064904},
	Primaryclass = {nucl-ex},
	Slaccitation = {%%CITATION = ARXIV:1312.3572;%%},
	Title = {{Generic framework for anisotropic flow analyses with multiparticle azimuthal correlations}},
	Volume = {C89},
	Year = {2014},
	Bdsk-Url-1 = {http://dx.doi.org/10.1103/PhysRevC.89.064904}}

@article{Borghini:2001vi,
	Archiveprefix = {arXiv},
	Author = {Borghini, Nicolas and Dinh, Phuong Mai and Ollitrault, Jean-Yves},
	Doi = {10.1103/PhysRevC.64.054901},
	Eprint = {nucl-th/0105040},
	Journal = {Phys. Rev.},
	Pages = {054901},
	Primaryclass = {nucl-th},
	Slaccitation = {%%CITATION = NUCL-TH/0105040;%%},
	Title = {{Flow analysis from multiparticle azimuthal correlations}},
	Volume = {C64},
	Year = {2001},
	Bdsk-Url-1 = {http://dx.doi.org/10.1103/PhysRevC.64.054901}}

@article{Niemi:2012aj,
	Archiveprefix = {arXiv},
	Author = {Niemi, H. and Denicol, G. S. and Holopainen, H. and Huovinen, P.},
	Doi = {10.1103/PhysRevC.87.054901},
	Eprint = {1212.1008},
	Journal = {Phys. Rev.},
	Number = {5},
	Pages = {054901},
	Primaryclass = {nucl-th},
	Slaccitation = {%%CITATION = ARXIV:1212.1008;%%},
	Title = {{Event-by-event distributions of azimuthal asymmetries in ultrarelativistic heavy-ion collisions}},
	Volume = {C87},
	Year = {2013},
	Bdsk-Url-1 = {http://dx.doi.org/10.1103/PhysRevC.87.054901}}

@article{Bilandzic:2010jr,
	Archiveprefix = {arXiv},
	Author = {Bilandzic, Ante and Snellings, Raimond and Voloshin, Sergei},
	Doi = {10.1103/PhysRevC.83.044913},
	Eprint = {1010.0233},
	Journal = {Phys. Rev.},
	Pages = {044913},
	Primaryclass = {nucl-ex},
	Slaccitation = {%%CITATION = ARXIV:1010.0233;%%},
	Title = {{Flow analysis with cumulants: Direct calculations}},
	Volume = {C83},
	Year = {2011},
	Bdsk-Url-1 = {http://dx.doi.org/10.1103/PhysRevC.83.044913}}

@article{PhysRevC.44.1091,
	Author = {Wang, S. and Jiang, Y. Z. and Liu, Y. M. and Keane, D. and Beavis, D. and Chu, S. Y. and Fung, S. Y. and Vient, M. and Hartnack, C. and St\"ocker, H.},
	Doi = {10.1103/PhysRevC.44.1091},
	Issue = {3},
	Journal = {Phys. Rev. C},
	Month = {Sep},
	Numpages = {0},
	Pages = {1091--1095},
	Publisher = {American Physical Society},
	Title = {Measurement of collective flow in heavy-ion collisions using particle-pair correlations},
	Url = {http://link.aps.org/doi/10.1103/PhysRevC.44.1091},
	Volume = {44},
	Year = {1991},
	Bdsk-Url-1 = {http://link.aps.org/doi/10.1103/PhysRevC.44.1091},
	Bdsk-Url-2 = {http://dx.doi.org/10.1103/PhysRevC.44.1091}}

@article{Poskanzer:1998yz,
	Archiveprefix = {arXiv},
	Author = {Poskanzer, Arthur M. and Voloshin, S. A.},
	Doi = {10.1103/PhysRevC.58.1671},
	Eprint = {nucl-ex/9805001},
	Journal = {Phys. Rev.},
	Pages = {1671-1678},
	Primaryclass = {nucl-ex},
	Slaccitation = {%%CITATION = NUCL-EX/9805001;%%},
	Title = {{Methods for analyzing anisotropic flow in relativistic nuclear collisions}},
	Volume = {C58},
	Year = {1998},
	Bdsk-Url-1 = {http://dx.doi.org/10.1103/PhysRevC.58.1671}}

@article{Luzum:2012da,
	Archiveprefix = {arXiv},
	Author = {Luzum, Matthew and Ollitrault, Jean-Yves},
	Doi = {10.1103/PhysRevC.87.044907},
	Eprint = {1209.2323},
	Journal = {Phys. Rev.},
	Number = {4},
	Pages = {044907},
	Primaryclass = {nucl-ex},
	Reportnumber = {SACLAY-T12-074},
	Slaccitation = {%%CITATION = ARXIV:1209.2323;%%},
	Title = {{Eliminating experimental bias in anisotropic-flow measurements of high-energy nuclear collisions}},
	Volume = {C87},
	Year = {2013},
	Bdsk-Url-1 = {http://dx.doi.org/10.1103/PhysRevC.87.044907}}

@article{Bilandzic:2013kga,
	Archiveprefix = {arXiv},
	Author = {Bilandzic, Ante and Christensen, Christian Holm and Gulbrandsen, Kristjan and Hansen, Alexander and Zhou, You},
	Doi = {10.1103/PhysRevC.89.064904},
	Eprint = {1312.3572},
	Journal = {Phys. Rev.},
	Number = {6},
	Pages = {064904},
	Primaryclass = {nucl-ex},
	Slaccitation = {%%CITATION = ARXIV:1312.3572;%%},
	Title = {{Generic framework for anisotropic flow analyses with multiparticle azimuthal correlations}},
	Volume = {C89},
	Year = {2014},
	Bdsk-Url-1 = {http://dx.doi.org/10.1103/PhysRevC.89.064904}}

@phdthesis{Bilandzic:2012wva,
	Author = {Bilandzic, Ante},
	Reportnumber = {CERN-THESIS-2012-018},
	School = {Utrecht U.},
	Slaccitation = {%%CITATION = CERN-THESIS-2012-018;%%},
	Title = {{Anisotropic flow measurements in ALICE at the large hadron collider}},
	Url = {https://inspirehep.net/record/1186272/files/CERN-THESIS-2012-018.pdf},
	Year = {2012},
	Bdsk-Url-1 = {https://inspirehep.net/record/1186272/files/CERN-THESIS-2012-018.pdf}}

@article{Voloshin:1994mz,
	Archiveprefix = {arXiv},
	Author = {Voloshin, S. and Zhang, Y.},
	Doi = {10.1007/s002880050141},
	Eprint = {hep-ph/9407282},
	Journal = {Z. Phys.},
	Pages = {665-672},
	Primaryclass = {hep-ph},
	Slaccitation = {%%CITATION = HEP-PH/9407282;%%},
	Title = {{Flow study in relativistic nuclear collisions by Fourier expansion of Azimuthal particle distributions}},
	Volume = {C70},
	Year = {1996},
	Bdsk-Url-1 = {http://dx.doi.org/10.1007/s002880050141}}

@article{Barrette:1994xr,
	Archiveprefix = {arXiv},
	Author = {Barrette, J. and others},
	Collaboration = {E877},
	Doi = {10.1103/PhysRevLett.73.2532},
	Eprint = {hep-ex/9405003},
	Journal = {Phys. Rev. Lett.},
	Pages = {2532-2535},
	Primaryclass = {hep-ex},
	Reportnumber = {SUNY-RHI-94-08},
	Slaccitation = {%%CITATION = HEP-EX/9405003;%%},
	Title = {{Observation of anisotropic event shapes and transverse flow in Au + Au collisions at AGS energy}},
	Volume = {73},
	Year = {1994},
	Bdsk-Url-1 = {http://dx.doi.org/10.1103/PhysRevLett.73.2532}}

@article{Aamodt:2008zz,
	Author = {Aamodt, K. and others},
	Collaboration = {ALICE},
	Doi = {10.1088/1748-0221/3/08/S08002},
	Journal = {JINST},
	Pages = {S08002},
	Slaccitation = {%%CITATION = JINST,3,S08002;%%},
	Title = {{The ALICE experiment at the CERN LHC}},
	Volume = {3},
	Year = {2008},
	Bdsk-Url-1 = {http://dx.doi.org/10.1088/1748-0221/3/08/S08002}}

@article{Carminati:2004fp,
	Author = {Cortese, P and others},
	Collaboration = {ALICE},
	Doi = {10.1088/0954-3899/30/11/001},
	Journal = {J. Phys.},
	Pages = {1517-1763},
	Slaccitation = {%%CITATION = JPAGA,G30,1517;%%},
	Title = {{ALICE: Physics performance report, volume I}},
	Volume = {G30},
	Year = {2004},
	Bdsk-Url-1 = {http://dx.doi.org/10.1088/0954-3899/30/11/001}}

@article{Alessandro:2006yt,
	Author = {Cortese, P and others},
	Collaboration = {ALICE},
	Doi = {10.1088/0954-3899/32/10/001},
	Journal = {J. Phys.},
	Pages = {1295-2040},
	Slaccitation = {%%CITATION = JPAGA,G32,1295;%%},
	Title = {{ALICE: Physics performance report, volume II}},
	Volume = {G32},
	Year = {2006},
	Bdsk-Url-1 = {http://dx.doi.org/10.1088/0954-3899/32/10/001}}

@article{Aamodt:2010cz,
	Archiveprefix = {arXiv},
	Author = {Aamodt, Kenneth and others},
	Collaboration = {ALICE},
	Doi = {10.1103/PhysRevLett.106.032301},
	Eprint = {1012.1657},
	Journal = {Phys. Rev. Lett.},
	Pages = {032301},
	Primaryclass = {nucl-ex},
	Reportnumber = {CERN-PH-EP-2010-071},
	Slaccitation = {%%CITATION = ARXIV:1012.1657;%%},
	Title = {{Centrality dependence of the charged-particle multiplicity density at mid-rapidity in Pb-Pb collisions at $\sqrt{s_{NN}}=2.76$ TeV}},
	Volume = {106},
	Year = {2011},
	Bdsk-Url-1 = {http://dx.doi.org/10.1103/PhysRevLett.106.032301}}

@article{Aamodt:2010cz,
	Archiveprefix = {arXiv},
	Author = {Aamodt, Kenneth and others},
	Collaboration = {ALICE},
	Doi = {10.1103/PhysRevLett.106.032301},
	Eprint = {1012.1657},
	Journal = {Phys. Rev. Lett.},
	Pages = {032301},
	Primaryclass = {nucl-ex},
	Reportnumber = {CERN-PH-EP-2010-071},
	Slaccitation = {%%CITATION = ARXIV:1012.1657;%%},
	Title = {{Centrality dependence of the charged-particle multiplicity density at mid-rapidity in Pb-Pb collisions at $\sqrt{s_{NN}}=2.76$ TeV}},
	Volume = {106},
	Year = {2011},
	Bdsk-Url-1 = {http://dx.doi.org/10.1103/PhysRevLett.106.032301}}

@article{Aamodt:2010pa,
	Archiveprefix = {arXiv},
	Author = {Aamodt, K and others},
	Collaboration = {ALICE},
	Doi = {10.1103/PhysRevLett.105.252302},
	Eprint = {1011.3914},
	Journal = {Phys. Rev. Lett.},
	Pages = {252302},
	Primaryclass = {nucl-ex},
	Slaccitation = {%%CITATION = ARXIV:1011.3914;%%},
	Title = {{Elliptic flow of charged particles in Pb-Pb collisions at 2.76 TeV}},
	Volume = {105},
	Year = {2010},
	Bdsk-Url-1 = {http://dx.doi.org/10.1103/PhysRevLett.105.252302}}

@article{Wang:1991hta,
	Author = {Wang, Xin-Nian and Gyulassy, Miklos},
	Doi = {10.1103/PhysRevD.44.3501},
	Journal = {Phys. Rev.},
	Pages = {3501-3516},
	Reportnumber = {LBL-31036},
	Slaccitation = {%%CITATION = PHRVA,D44,3501;%%},
	Title = {{HIJING: A Monte Carlo model for multiple jet production in p p, p A and A A collisions}},
	Volume = {D44},
	Year = {1991},
	Bdsk-Url-1 = {http://dx.doi.org/10.1103/PhysRevD.44.3501}}

@article{Brun:1994aa,
	Reportnumber = {CERN-W5013, CERN-W-5013, W5013, W-5013},
	Slaccitation = {%%CITATION = CERN-W5013;%%},
	Title = {{GEANT Detector Description and Simulation Tool}},
	Year = {1994}}

@article{Gyulassy:1994ew,
	Archiveprefix = {arXiv},
	Author = {Gyulassy, Miklos and Wang, Xin-Nian},
	Doi = {10.1016/0010-4655(94)90057-4},
	Eprint = {nucl-th/9502021},
	Journal = {Comput. Phys. Commun.},
	Pages = {307},
	Primaryclass = {nucl-th},
	Reportnumber = {LBL-34246},
	Slaccitation = {%%CITATION = NUCL-TH/9502021;%%},
	Title = {{HIJING 1.0: A Monte Carlo program for parton and particle production in high-energy hadronic and nuclear collisions}},
	Volume = {83},
	Year = {1994},
	Bdsk-Url-1 = {http://dx.doi.org/10.1016/0010-4655(94)90057-4}}

@article{Abelev:2014ffa,
	Archiveprefix = {arXiv},
	Author = {Abelev, Betty Bezverkhny and others},
	Collaboration = {ALICE},
	Doi = {10.1142/S0217751X14300440},
	Eprint = {1402.4476},
	Journal = {Int. J. Mod. Phys.},
	Pages = {1430044},
	Primaryclass = {nucl-ex},
	Reportnumber = {CERN-PH-EP-2014-031},
	Slaccitation = {%%CITATION = ARXIV:1402.4476;%%},
	Title = {{Performance of the ALICE Experiment at the CERN LHC}},
	Volume = {A29},
	Year = {2014},
	Bdsk-Url-1 = {http://dx.doi.org/10.1142/S0217751X14300440}}

@article{Miller:2007ri,
	Archiveprefix = {arXiv},
	Author = {Miller, Michael L. and Reygers, Klaus and Sanders, Stephen J. and Steinberg, Peter},
	Doi = {10.1146/annurev.nucl.57.090506.123020},
	Eprint = {nucl-ex/0701025},
	Journal = {Ann. Rev. Nucl. Part. Sci.},
	Pages = {205-243},
	Primaryclass = {nucl-ex},
	Slaccitation = {%%CITATION = NUCL-EX/0701025;%%},
	Title = {{Glauber modeling in high energy nuclear collisions}},
	Volume = {57},
	Year = {2007},
	Bdsk-Url-1 = {http://dx.doi.org/10.1146/annurev.nucl.57.090506.123020}}

@article{Paatelainen:2012at,
	Archiveprefix = {arXiv},
	Author = {Paatelainen, R. and Eskola, K. J. and Holopainen, H. and Tuominen, K.},
	Doi = {10.1103/PhysRevC.87.044904},
	Eprint = {1211.0461},
	Journal = {Phys. Rev.},
	Number = {4},
	Pages = {044904},
	Primaryclass = {hep-ph},
	Slaccitation = {%%CITATION = ARXIV:1211.0461;%%},
	Title = {{Multiplicities and $p_T$ spectra in ultrarelativistic heavy ion collisions from a next-to-leading order improved perturbative QCD + saturation + hydrodynamics model}},
	Volume = {C87},
	Year = {2013},
	Bdsk-Url-1 = {http://dx.doi.org/10.1103/PhysRevC.87.044904}}

@article{Paatelainen:2013eea,
	Archiveprefix = {arXiv},
	Author = {Paatelainen, R. and Eskola, K. J. and Niemi, H. and Tuominen, K.},
	Doi = {10.1016/j.physletb.2014.02.018},
	Eprint = {1310.3105},
	Journal = {Phys. Lett.},
	Pages = {126-130},
	Primaryclass = {hep-ph},
	Slaccitation = {%%CITATION = ARXIV:1310.3105;%%},
	Title = {{Fluid dynamics with saturated minijet initial conditions in ultrarelativistic heavy-ion collisions}},
	Volume = {B731},
	Year = {2014},
	Bdsk-Url-1 = {http://dx.doi.org/10.1016/j.physletb.2014.02.018}}

@article{Zhu:2016puf,
	Archiveprefix = {arXiv},
	Author = {Zhu, Xiangrong and Zhou, You and Xu, Haojie and Song, Huichao},
	Eprint = {1608.05305},
	Primaryclass = {nucl-th},
	Slaccitation = {%%CITATION = ARXIV:1608.05305;%%},
	Title = {{Correlations of flow harmonics in 2.76A TeV Pb--Pb collisions}},
	Year = {2016}}

@article{Kolb:2000sd,
	Archiveprefix = {arXiv},
	Author = {Kolb, Peter F. and Sollfrank, Josef and Heinz, Ulrich W.},
	Doi = {10.1103/PhysRevC.62.054909},
	Eprint = {hep-ph/0006129},
	Journal = {Phys. Rev.},
	Pages = {054909},
	Primaryclass = {hep-ph},
	Reportnumber = {CERN-TH-2000-161},
	Slaccitation = {%%CITATION = HEP-PH/0006129;%%},
	Title = {{Anisotropic transverse flow and the quark hadron phase transition}},
	Volume = {C62},
	Year = {2000},
	Bdsk-Url-1 = {http://dx.doi.org/10.1103/PhysRevC.62.054909}}

@article{Kharzeev:2000ph,
	Archiveprefix = {arXiv},
	Author = {Kharzeev, Dmitri and Nardi, Marzia},
	Doi = {10.1016/S0370-2693(01)00457-9},
	Eprint = {nucl-th/0012025},
	Journal = {Phys. Lett.},
	Pages = {121-128},
	Primaryclass = {nucl-th},
	Slaccitation = {%%CITATION = NUCL-TH/0012025;%%},
	Title = {{Hadron production in nuclear collisions at RHIC and high density QCD}},
	Volume = {B507},
	Year = {2001},
	Bdsk-Url-1 = {http://dx.doi.org/10.1016/S0370-2693(01)00457-9}}

@article{Drescher:2006ca,
	Archiveprefix = {arXiv},
	Author = {Drescher, H. -J. and Nara, Y.},
	Doi = {10.1103/PhysRevC.75.034905},
	Eprint = {nucl-th/0611017},
	Journal = {Phys. Rev.},
	Pages = {034905},
	Primaryclass = {nucl-th},
	Slaccitation = {%%CITATION = NUCL-TH/0611017;%%},
	Title = {{Effects of fluctuations on the initial eccentricity from the Color Glass Condensate in heavy ion collisions}},
	Volume = {C75},
	Year = {2007},
	Bdsk-Url-1 = {http://dx.doi.org/10.1103/PhysRevC.75.034905}}

@article{Hirano:2009ah,
	Archiveprefix = {arXiv},
	Author = {Hirano, Tetsufumi and Nara, Yasushi},
	Doi = {10.1103/PhysRevC.79.064904},
	Eprint = {0904.4080},
	Journal = {Phys. Rev.},
	Pages = {064904},
	Primaryclass = {nucl-th},
	Slaccitation = {%%CITATION = ARXIV:0904.4080;%%},
	Title = {{Eccentricity fluctuation effects on elliptic flow in relativistic heavy ion collisions}},
	Volume = {C79},
	Year = {2009},
	Bdsk-Url-1 = {http://dx.doi.org/10.1103/PhysRevC.79.064904}}

@article{Bhalerao:2015iya,
	Archiveprefix = {arXiv},
	Author = {Bhalerao, Rajeev S. and Jaiswal, Amaresh and Pal, Subrata},
	Doi = {10.1103/PhysRevC.92.014903},
	Eprint = {1503.03862},
	Journal = {Phys. Rev.},
	Number = {1},
	Pages = {014903},
	Primaryclass = {nucl-th},
	Reportnumber = {TIFR-TH-15-07},
	Slaccitation = {%%CITATION = ARXIV:1503.03862;%%},
	Title = {{Collective flow in event-by-event partonic transport plus hydrodynamics hybrid approach}},
	Volume = {C92},
	Year = {2015},
	Bdsk-Url-1 = {http://dx.doi.org/10.1103/PhysRevC.92.014903}}

@article{Pang:2012he,
	Archiveprefix = {arXiv},
	Author = {Pang, Longgang and Wang, Qun and Wang, Xin-Nian},
	Doi = {10.1103/PhysRevC.86.024911},
	Eprint = {1205.5019},
	Journal = {Phys. Rev.},
	Pages = {024911},
	Primaryclass = {nucl-th},
	Reportnumber = {NT-LBL-12-011},
	Slaccitation = {%%CITATION = ARXIV:1205.5019;%%},
	Title = {{Effects of initial flow velocity fluctuation in event-by-event (3+1)D hydrodynamics}},
	Volume = {C86},
	Year = {2012},
	Bdsk-Url-1 = {http://dx.doi.org/10.1103/PhysRevC.86.024911}}

@article{Xu:2016hmp,
	Archiveprefix = {arXiv},
	Author = {Xu, Hao-jie and Li, Zhuopeng and Song, Huichao},
	Doi = {10.1103/PhysRevC.93.064905},
	Eprint = {1602.02029},
	Journal = {Phys. Rev.},
	Number = {6},
	Pages = {064905},
	Primaryclass = {nucl-th},
	Slaccitation = {%%CITATION = ARXIV:1602.02029;%%},
	Title = {{High-order flow harmonics of identified hadrons in 2.76A TeV Pb + Pb collisions}},
	Volume = {C93},
	Year = {2016},
	Bdsk-Url-1 = {http://dx.doi.org/10.1103/PhysRevC.93.064905}}

@article{Lin:2004en,
	Archiveprefix = {arXiv},
	Author = {Lin, Zi-Wei and Ko, Che Ming and Li, Bao-An and Zhang, Bin and Pal, Subrata},
	Doi = {10.1103/PhysRevC.72.064901},
	Eprint = {nucl-th/0411110},
	Journal = {Phys. Rev.},
	Pages = {064901},
	Primaryclass = {nucl-th},
	Slaccitation = {%%CITATION = NUCL-TH/0411110;%%},
	Title = {{A Multi-phase transport model for relativistic heavy ion collisions}},
	Volume = {C72},
	Year = {2005},
	Bdsk-Url-1 = {http://dx.doi.org/10.1103/PhysRevC.72.064901}}

@article{Zhang:1999bd,
	Archiveprefix = {arXiv},
	Author = {Zhang, Bin and Ko, C. M. and Li, Bao-An and Lin, Zi-wei},
	Doi = {10.1103/PhysRevC.61.067901},
	Eprint = {nucl-th/9907017},
	Journal = {Phys. Rev.},
	Pages = {067901},
	Primaryclass = {nucl-th},
	Slaccitation = {%%CITATION = NUCL-TH/9907017;%%},
	Title = {{A multiphase transport model for nuclear collisions at RHIC}},
	Volume = {C61},
	Year = {2000},
	Bdsk-Url-1 = {http://dx.doi.org/10.1103/PhysRevC.61.067901}}

@article{Lin:2000cx,
	Archiveprefix = {arXiv},
	Author = {Lin, Zi-wei and Pal, S. and Ko, C. M. and Li, Bao-An and Zhang, Bin},
	Doi = {10.1103/PhysRevC.64.011902},
	Eprint = {nucl-th/0011059},
	Journal = {Phys. Rev.},
	Pages = {011902},
	Primaryclass = {nucl-th},
	Slaccitation = {%%CITATION = NUCL-TH/0011059;%%},
	Title = {{Charged particle rapidity distributions at relativistic energies}},
	Volume = {C64},
	Year = {2001},
	Bdsk-Url-1 = {http://dx.doi.org/10.1103/PhysRevC.64.011902}}

@article{Lin:2001zk,
	Archiveprefix = {arXiv},
	Author = {Lin, Zi-wei and Ko, C. M.},
	Doi = {10.1103/PhysRevC.65.034904},
	Eprint = {nucl-th/0108039},
	Journal = {Phys. Rev.},
	Pages = {034904},
	Primaryclass = {nucl-th},
	Slaccitation = {%%CITATION = NUCL-TH/0108039;%%},
	Title = {{Partonic effects on the elliptic flow at RHIC}},
	Volume = {C65},
	Year = {2002},
	Bdsk-Url-1 = {http://dx.doi.org/10.1103/PhysRevC.65.034904}}

@article{Li:2001xh,
	Author = {Li, B. and Sustich, A. T. and Zhang, B. and Ko, C. M.},
	Doi = {10.1142/S0218301301000575},
	Journal = {Int. J. Mod. Phys.},
	Pages = {267-352},
	Slaccitation = {%%CITATION = IMPAE,E10,267;%%},
	Title = {{Studies of superdense hadronic matter in a relativistic transport model}},
	Volume = {E10},
	Year = {2001},
	Bdsk-Url-1 = {http://dx.doi.org/10.1142/S0218301301000575}}

@article{Lin:2014tya,
	Archiveprefix = {arXiv},
	Author = {Lin, Zi-Wei},
	Doi = {10.1103/PhysRevC.90.014904},
	Eprint = {1403.6321},
	Journal = {Phys. Rev.},
	Number = {1},
	Pages = {014904},
	Primaryclass = {nucl-th},
	Slaccitation = {%%CITATION = ARXIV:1403.6321;%%},
	Title = {{Evolution of transverse flow and effective temperatures in the parton phase from a multi-phase transport model}},
	Volume = {C90},
	Year = {2014},
	Bdsk-Url-1 = {http://dx.doi.org/10.1103/PhysRevC.90.014904}}

@article{Andersson:1986gw,
	Author = {Andersson, Bo and Gustafson, G. and Nilsson-Almqvist, B.},
	Doi = {10.1016/0550-3213(87)90257-4},
	Journal = {Nucl. Phys.},
	Pages = {289-309},
	Reportnumber = {LU-TP-86-3},
	Slaccitation = {%%CITATION = NUPHA,B281,289;%%},
	Title = {{A Model for Low p(t) Hadronic Reactions, with Generalizations to Hadron - Nucleus and Nucleus-Nucleus Collisions}},
	Volume = {B281},
	Year = {1987},
	Bdsk-Url-1 = {http://dx.doi.org/10.1016/0550-3213(87)90257-4}}

@article{NilssonAlmqvist:1986rx,
	Author = {Nilsson-Almqvist, Bo and Stenlund, Evert},
	Doi = {10.1016/0010-4655(87)90056-7},
	Journal = {Comput. Phys. Commun.},
	Pages = {387},
	Reportnumber = {LU TP-86-14, LUIP-8604},
	Slaccitation = {%%CITATION = CPHCB,43,387;%%},
	Title = {{Interactions Between Hadrons and Nuclei: The Lund Monte Carlo, Fritiof Version 1.6}},
	Volume = {43},
	Year = {1987},
	Bdsk-Url-1 = {http://dx.doi.org/10.1016/0010-4655(87)90056-7}}

@article{Zhang:1997ej,
	Archiveprefix = {arXiv},
	Author = {Zhang, Bin},
	Doi = {10.1016/S0010-4655(98)00010-1},
	Eprint = {nucl-th/9709009},
	Journal = {Comput. Phys. Commun.},
	Pages = {193-206},
	Primaryclass = {nucl-th},
	Reportnumber = {CU-TP-853},
	Slaccitation = {%%CITATION = NUCL-TH/9709009;%%},
	Title = {{ZPC 1.0.1: A Parton cascade for ultrarelativistic heavy ion collisions}},
	Volume = {109},
	Year = {1998},
	Bdsk-Url-1 = {http://dx.doi.org/10.1016/S0010-4655(98)00010-1}}

@article{Adam:2016nfo,
	Archiveprefix = {arXiv},
	Author = {Adam, Jaroslav and others},
	Collaboration = {ALICE},
	Doi = {10.1007/JHEP09(2016)164},
	Eprint = {1606.06057},
	Journal = {JHEP},
	Pages = {164},
	Primaryclass = {nucl-ex},
	Reportnumber = {CERN-EP-2016-159},
	Slaccitation = {%%CITATION = ARXIV:1606.06057;%%},
	Title = {{Higher harmonic flow coefficients of identified hadrons in Pb-Pb collisions at $\sqrt{s_{\rm NN}}$ = 2.76 TeV}},
	Volume = {09},
	Year = {2016},
	Bdsk-Url-1 = {http://dx.doi.org/10.1007/JHEP09(2016)164}}

@inproceedings{Eskola:2015uda,
	Archiveprefix = {arXiv},
	Author = {Eskola, K. J. and Niemi, H. and Paatelainen, R.},
	Doi = {10.1016/j.nuclphysbps.2016.05.034},
	Eprint = {1509.02767},
	Primaryclass = {hep-ph},
	Slaccitation = {%%CITATION = ARXIV:1509.02767;%%},
	Title = {{Pinning down QCD-matter shear viscosity in ultrarelativistic heavy-ion collisions via EbyE fluctuations using pQCD + saturation + hydrodynamics}},
	Url = {http://inspirehep.net/record/1392658/files/arXiv:1509.02767.pdf},
	Year = {2016},
	Bdsk-Url-1 = {http://inspirehep.net/record/1392658/files/arXiv:1509.02767.pdf},
	Bdsk-Url-2 = {http://dx.doi.org/10.1016/j.nuclphysbps.2016.05.034}}
